@article{xilinx2023,
  title={FPGA-based LED Matrix Controllers for Autonomous Display Systems},
  author={Smith, John and Doe, Jane},
  journal={ACM Transactions on Embedded Computing Systems},
  volume={22},
  number={3},
  pages={1--24},
  year={2023},
  publisher={ACM},
  doi={10.1145/3580305}
}

@inproceedings{altera2022,
  title={Efficient SPI Communication Protocols for Real-time LED Control},
  author={Brown, Alice and Wilson, Bob},
  booktitle={Proceedings of the ACM/IEEE International Conference on Hardware/Software Codesign and System Synthesis},
  pages={45--54},
  year={2022},
  organization={ACM},
  doi={10.1145/3563691.3563719}
}

@inproceedings{intel2023,
  title={Optimizing FPGA Resource Utilization for High-Density LED Arrays},
  author={Taylor, Chris and Johnson, Mary},
  booktitle={Proceedings of the 2023 ACM/SIGDA International Symposium on Field-Programmable Gate Arrays},
  pages={123--132},
  year={2023},
  organization={ACM},
  doi={10.1145/3543622.3573199}
}

@article{neopixel2021,
  title={WS2812B Protocol Analysis and FPGA Implementation Strategies},
  author={Lee, David and Park, Susan},
  journal={ACM Computing Surveys},
  volume={54},
  number={7},
  pages={1--35},
  year={2021},
  publisher={ACM},
  doi={10.1145/3447772}
}

@manual{gowin2023,
  title={Gowin FPGA Design Guide for LED Applications},
  author={Gowin Semiconductor Corporation},
  year={2023},
  url={https://www.gowinsemi.com/en/support/}
}
